<?xml version="1.0" encoding="UTF-8"?><collection xmlns="http://www.loc.gov/MARC21/slim"><record><leader>00403nam--2200157-i-4500</leader><controlfield tag="001">000037441</controlfield><controlfield tag="002">20161230</controlfield><controlfield tag="005">20170125152556</controlfield><controlfield tag="008">060222s1000------------r-----000-0-eng-d</controlfield><datafield ind1=" " ind2=" " tag="100"><subfield code="a">Quadrat, Otakar</subfield></datafield><datafield ind1=" " ind2=" " tag="245"><subfield code="a">Sur un nouveau procede d`attaque dans l`analyse du ferrophosphore</subfield></datafield><datafield ind1=" " ind2=" " tag="260"><subfield code="a">Prague</subfield><subfield code="c">1938</subfield></datafield><datafield ind1=" " ind2=" " tag="300"><subfield code="a">583-592 p</subfield></datafield><datafield ind1=" " ind2=" " tag="700"><subfield code="a">Vcelak, V</subfield></datafield><datafield ind1=" " ind2=" " tag="852"><subfield code="a">1030</subfield></datafield><datafield ind1=" " ind2=" " tag="CAT"><subfield code="a">SYS</subfield><subfield code="c">20170125</subfield><subfield code="h">152556</subfield></datafield></record></collection>